<?xml version="1.0" encoding="UTF-8"?><record xmlns="http://www.loc.gov/MARC21/slim" xmlns:cinclude="http://apache.org/cocoon/include/1.0" xmlns:zs="http://www.loc.gov/zing/srw/">
  <leader>00445nz  a2200121n  4500</leader>
  <controlfield tag="001">n  95014141 </controlfield>
  <controlfield tag="003">DLC</controlfield>
  <controlfield tag="005">19950213101659.3</controlfield>
  <controlfield tag="008">950213n| acannaab|          |n aaa |||  </controlfield>
  <datafield tag="010" ind1=" " ind2=" ">
    <subfield code="a">n  95014141 </subfield>
  </datafield>
  <datafield tag="040" ind1=" " ind2=" ">
    <subfield code="a">DLC</subfield>
    <subfield code="c">DLC</subfield>
  </datafield>
  <datafield tag="100" ind1="1" ind2="0">
    <subfield code="a">Turvey, Timothy A.</subfield>
  </datafield>
  <datafield tag="670" ind1=" " ind2=" ">
    <subfield code="a">His Facial clefts and craniosynostosis, 1995:</subfield>
    <subfield code="b">CIP t.p. (Timothy A. Turvey, DDS, prof. and chairman, Dept. of Oral and Maxillofacial Surgery, University of North Carolina, Chapel Hill, N.C.)</subfield>
  </datafield>
</record>